@misc{xkcd,
author={Munroe, Randall},
title={xkcd: Pipelines},
url={http://xkcd.com/1649/},
urldate={2016-3-9},
journal={Xkcd.com},
year={2016}
},

@misc{bloomberg,
author={Pearce, Adam and Gambrell, Dorothy},
title={This Chart Shows Who Marries CEOs, Doctors, Chefs and Janitors},
url={http://www.bloomberg.com/graphics/2016-who-marries-whom/?utm_source=nextdraft&utm_medium=email},
urldate={2016-3-9},
journal={Bloomberg.com},
year={2016}
},

@misc{iquantny,
author={Wellington, Ben},
title={NYPD Slowdown Most Pronounced in Precinct of Eric Garner’s Death},
url={http://iquantny.tumblr.com/post/120585371094/nypd-slowdown-most-pronounced-in-precinct-of-eric},
urldate={2016-3-9},
journal={Iquantny.tumblr.com},
year={2015}
},

@article{perception,
author={Cleveland, W. S. and McGill, R.},
title={Graphical Perception and Graphical Methods for Analyzing Scientific Data},
volume={229},
DOI={10.1126/science.229.4716.828},
number={4716},
journal={Science},
year={1985},
pages={828-833}
}